@book {AGS,
    AUTHOR = {Ambrosio, Luigi and Gigli, Nicola and Savar{\'e}, Giuseppe},
     TITLE = {Gradient flows in metric spaces and in the space of
              probability measures},
    SERIES = {Lectures in Mathematics ETH Z\"urich},
   EDITION = {Second},
 PUBLISHER = {Birkh\"auser Verlag, Basel},
      YEAR = {2008},
     PAGES = {x+334},
      ISBN = {978-3-7643-8721-1},
   MRCLASS = {49-02 (28A33 35K55 35K90 49Q20 60B05)},
  MRNUMBER = {2401600 (2009h:49002)},
MRREVIEWER = {Pietro Celada},
}

@InCollection{Mie,
    Author = {Alexander {Mielke}},
    Title = {{Evolution of rate-independent systems.}},
    BookTitle = {{Handbook of differential equations: Evolutionary equations. Vol. II}},
    ISBN = {0-444-52048-1/hbk},
    Pages = {461--559},
    Year = {2005},
    Publisher = {Amsterdam: Elsevier/North-Holland},
    Language = {English},
    MSC2010 = {47N20 47J40 47J20 74C15 74N30 35Q72 34G25 35-00 35B35 35K85 74H99},
    Zbl = {1120.47062}
}

@misc{cafotove10,
author="Carrillo, Jos\'e A. and Fornasier, Massimo and Toscani, Giuseppe and
    Vecil, Francesco",
title="{Particle, kinetic, and hydrodynamic models of swarming.}",
language="English",
howpublished="{Naldi, Giovanni (ed.) et al., Mathematical modeling of collective
    behavior in socio-economic and life sciences. Boston, MA: Birkh\"auser.
    Modeling and Simulation in Science, Engineering and Technology, 297-336
    (2010).}",
year="2010",
doi={10.1007/978-0-8176-4946-3_12},
}


@Article{Aly85,
    Author = {J.J. {Aly}},
    Title = {{Quasi-static evolution of sheared force-free fields and the solar flare problem.}},
    FJournal = {{Astronomy and Astrophysics}},
    Journal = {{Astron. Astrophys.}},
    ISSN = {0004-6361; 1432-0746/e},
    Volume = {143},
    Pages = {19--22},
    Year = {1985},
    Publisher = {EDP Sciences, Les Ulis},
    Language = {English},
    MSC2010 = {76X05 85A20},
    Zbl = {0587.76204}
}

@Article{Nay76,
    Author = {B. {Nayroles}},
    Title = {{J. J. Moreau's approach to a fundamental problem: The quasi-static evolution of a perfectly elasto-plastic body.}},
    FJournal = {{Archives of Mechanics}},
    Journal = {{Arch. Mech.}},
    ISSN = {0373-2029},
    Volume = {28},
    Pages = {115--132},
    Year = {1976},
    Publisher = {Polish Academy of Sciences (Polska Akademia Nauk - PAN), Institute of Fundamental Technological Research, Warsaw},
    Language = {English},
    MSC2010 = {74C99},
    Zbl = {0357.73031}
}


@Article{Gia05,
    Author = {Alessandro {Giacomini}},
    Title = {{Ambrosio-Tortorelli approximation of quasi-static evolution of brittle fractures.}},
    FJournal = {{Calculus of Variations and Partial Differential Equations}},
    Journal = {{Calc. Var. Partial Differ. Equ.}},
    ISSN = {0944-2669; 1432-0835/e},
    Volume = {22},
    Number = {2},
    Pages = {129--172},
    Year = {2005},
    Publisher = {Springer, Berlin/Heidelberg},
    Language = {English},
    DOI = {10.1007/s00526-004-0269-6},
    MSC2010 = {35B27 35R35 74R10 49J45 74G65},
    Zbl = {1068.35189}
}


@Article{La10,
    Author = {Christopher J. {Larsen}},
    Title = {{Epsilon-stable quasi-static brittle fracture evolution.}},
    FJournal = {{Communications on Pure and Applied Mathematics}},
    Journal = {{Commun. Pure Appl. Math.}},
    ISSN = {0010-3640; 1097-0312/e},
    Volume = {63},
    Number = {5},
    Pages = {630--654},
    Year = {2010},
    Publisher = {Wiley, Hoboken, NJ},
    Language = {English},
    DOI = {10.1002/cpa.20300},
    MSC2010 = {74}
}

@Article{FrLa03,
    Author = {Gilles A. {Francfort} and Christopher J. {Larsen}},
    Title = {{Existence and convergence for quasi-static evolution in brittle fracture.}},
    FJournal = {{Communications on Pure and Applied Mathematics}},
    Journal = {{Commun. Pure Appl. Math.}},
    ISSN = {0010-3640; 1097-0312/e},
    Volume = {56},
    Number = {10},
    Pages = {1465--1500},
    Year = {2003},
    Publisher = {Wiley, Hoboken, NJ},
    Language = {English},
    DOI = {10.1002/cpa.3039},
    MSC2010 = {74R10 74G25 74G65},
    Zbl = {1068.74056}
}


@InCollection{DFT04,
    Author = {Gianni {Dal Maso} and Gilles A. {Francfort} and Rodica {Toader}},
    Title = {{Quasi-static evolution in brittle fracture: the case of bounded solutions.}},
    BookTitle = {{Calculus of variations: topics from the mathematical heritage of E. De Giorgi}},
    ISBN = {88-7999-414-X/hbk},
    Pages = {245--266},
    Year = {2004},
    Publisher = {Rome: Aracne},
    Language = {English},
    MSC2010 = {49J10 74R10 74G65},
    Zbl = {1085.49003}
}

@Article{DFT05,
    Author = {Gianni {Dal Maso} and Gilles A. {Francfort} and Rodica {Toader}},
    Title = {{Quasistatic crack growth in nonlinear elasticity.}},
    FJournal = {{Archive for Rational Mechanics and Analysis}},
    Journal = {{Arch. Ration. Mech. Anal.}},
    ISSN = {0003-9527; 1432-0673/e},
    Volume = {176},
    Number = {2},
    Pages = {165--225},
    Year = {2005},
    Publisher = {Springer, Berlin/Heidelberg},
    Language = {English},
    DOI = {10.1007/s00205-004-0351-4},
    MSC2010 = {74R10 74B20 74G65 74G25},
    Zbl = {1064.74150}
}
@article {MR1075076,
    AUTHOR = {Ambrosio, Luigi and Tortorelli, Vincenzo Maria},
     TITLE = {Approximation of functionals depending on jumps by elliptic
              functionals via {$\Gamma$}-convergence},
   JOURNAL = {Comm. Pure Appl. Math.},
  FJOURNAL = {Communications on Pure and Applied Mathematics},
    VOLUME = {43},
      YEAR = {1990},
    NUMBER = {8},
     PAGES = {999--1036},
      ISSN = {0010-3640},
     CODEN = {CPAMA},
   MRCLASS = {49J45 (49Q20)},
  MRNUMBER = {1075076 (92f:49003)},
       DOI = {10.1002/cpa.3160430805},
       URL = {http://dx.doi.org/10.1002/cpa.3160430805},
}
@book {MR1201152,
    AUTHOR = {Dal Maso, Gianni},
     TITLE = {An introduction to {$\Gamma$}-convergence},
    SERIES = {Progress in Nonlinear Differential Equations and their
              Applications, 8},
 PUBLISHER = {Birkh\"auser Boston, Inc., Boston, MA},
      YEAR = {1993},
     PAGES = {xiv+340},
      ISBN = {0-8176-3679-X},
   MRCLASS = {49-02 (46N10 47H99 47N10 49J45 73B27)},
  MRNUMBER = {1201152 (94a:49001)},
MRREVIEWER = {T. Zolezzi},
       DOI = {10.1007/978-1-4612-0327-8},
       URL = {http://dx.doi.org/10.1007/978-1-4612-0327-8},
}
@article {MR2435184,
    AUTHOR = {Cagnetti, Filippo},
     TITLE = {A vanishing viscosity approach to fracture growth in a
              cohesive zone model with prescribed crack path},
   JOURNAL = {Math. Models Methods Appl. Sci.},
  FJOURNAL = {Mathematical Models \& Methods in Applied Sciences},
    VOLUME = {18},
      YEAR = {2008},
    NUMBER = {7},
     PAGES = {1027--1071},
      ISSN = {0218-2025},
   MRCLASS = {49K10 (49Q20 74R05)},
  MRNUMBER = {2435184 (2009g:49052)},
MRREVIEWER = {Kohji Ohtsuka},
       DOI = {10.1142/S0218202508002942},
       URL = {http://dx.doi.org/10.1142/S0218202508002942},
}

@article {MR1946723,
    AUTHOR = {Dal Maso, G. and Toader, R.},
     TITLE = {A model for the quasi-static growth of brittle fractures based
              on local minimization},
   JOURNAL = {Math. Models Methods Appl. Sci.},
  FJOURNAL = {Mathematical Models \& Methods in Applied Sciences},
    VOLUME = {12},
      YEAR = {2002},
    NUMBER = {12},
     PAGES = {1773--1799},
      ISSN = {0218-2025},
   MRCLASS = {74R10 (49Q10 74G65)},
  MRNUMBER = {1946723 (2003j:74051)},
MRREVIEWER = {Martin Kru{\v{z}}{\'{\i}}k},
       DOI = {10.1142/S0218202502002331},
       URL = {http://dx.doi.org/10.1142/S0218202502002331},
}
@Article{ACFS15,
    Author = {Marco {Artina} and Filippo {Cagnetti} and Massimo {Fornasier} and Francesco {Solombrino}},
    Title = {{Linearly constrained evolution of critical points and applications in cohesive fracture.}},
    Journal = {{preprint}},
    ISSN = {0003-9527; 1432-0673/e},
    Volume = {},
    Number = {},
    Pages = {},
    Year = {2015},
    
}
@InCollection{zbMATH05707381,
    Author = {Ricardo H. {Nochetto} and Kunibert G. {Siebert} and Andreas {Veeser}},
    Title = {{Theory of adaptive finite element methods: An introduction.}},
    BookTitle = {{Multiscale, nonlinear and adaptive approximation. Dedicated to Wolfgang Dahmen on the occasion of his 60th birthday}},
    ISBN = {978-3-642-03412-1/hbk; 978-3-642-03413-8/ebook},
    Pages = {409--542},
    Year = {2009},
    Publisher = {Berlin: Springer},
    Language = {English},
    DOI = {10.1007/978-3-642-03413-8_12},
    MSC2010 = {65N30 65-02 35J25 65N12 65N50},
    Zbl = {1190.65176}
}
@incollection {MR2648372,
    AUTHOR = {Cohen, Albert and Mirebeau, Jean-Marie},
     TITLE = {Adaptive and anisotropic piecewise polynomial approximation},
 BOOKTITLE = {Multiscale, nonlinear and adaptive approximation},
     PAGES = {75--135},
 PUBLISHER = {Springer, Berlin},
      YEAR = {2009},
   MRCLASS = {41A46 (41-02 41A63 65D07 68W25)},
  MRNUMBER = {2648372 (2011k:41029)},
MRREVIEWER = {D. Leviatan},
       DOI = {10.1007/978-3-642-03413-8_4},
       URL = {http://dx.doi.org/10.1007/978-3-642-03413-8_4},
}

@InCollection{zbMATH06075400,
    Author = {Ricardo H. {Nochetto} and Andreas {Veeser}},
    Title = {{Primer of adaptive finite element methods.}},
    BookTitle = {{Multiscale and adaptivity: Modeling, numerics and applications. C.I.M.E. summer school, Cetraro, Italy, July 6--11, 2009}},
    ISBN = {978-3-642-24078-2/pbk; 978-3-642-24079-9/ebook},
    Pages = {125--225},
    Year = {2012},
    Publisher = {Berlin: Springer; Firenze: Fondazione CIME Roberto Conti},
    Language = {English},
    DOI = {10.1007/978-3-642-24079-9_3},
    MSC2010 = {65N30},
    Zbl = {1252.65192}
}

@Article{zbMATH05217089,
    Author = {Rob {Stevenson}},
    Title = {{Optimality of a standard adaptive finite element method.}},
    FJournal = {{Foundations of Computational Mathematics}},
    Journal = {{Found. Comput. Math.}},
    ISSN = {1615-3375; 1615-3383/e},
    Volume = {7},
    Number = {2},
    Pages = {245--269},
    Year = {2007},
    Publisher = {Springer US, New York, NY},
    Language = {English},
    DOI = {10.1007/s10208-005-0183-0},
    MSC2010 = {65N30 65N50 65N12 35J05 65N15},
    Zbl = {1136.65109}
}

@incollection{13-Carrillo-Choi-Hauray-MFL,
AUTHOR = {Carrillo, J. A. and Choi, Y.-P. and Hauray, M.},
  title     = {The derivation of Swarming models: Mean-Field Limit and {W}asserstein distances},
  series    = {Collective Dynamics from Bacteria to Crowds: An Excursion Through Modeling, Analysis and Simulation Series},
  volume    = {553},
  publisher = {CISM International Centre for Mechanical Sciences},
  pages     = {1--46},
  year      = 2014,
}

@article {difohuma14,
    AUTHOR = {Di Francesco, Marco and Fornasier, Massimo and H{\"u}tter,
              Jan-Christian and Matthes, Daniel},
     TITLE = {Asymptotic behavior of gradient flows driven by nonlocal power
              repulsion and attraction potentials in one dimension},
   JOURNAL = {SIAM J. Math. Anal.},
  FJOURNAL = {SIAM Journal on Mathematical Analysis},
    VOLUME = {46},
      YEAR = {2014},
    NUMBER = {6},
     PAGES = {3814--3837},
      ISSN = {0036-1410},
   MRCLASS = {49K20 (45K05 70F45)},
  MRNUMBER = {3280100},
       DOI = {10.1137/140951497},
       URL = {http://dx.doi.org/10.1137/140951497},
}
@article{arfoso13,
author="Artina, Marco and Fornasier, Massimo and Solombrino, Francesco",
title="{Linearly constrained nonsmooth and nonconvex minimization.}",
language="English",
journal="SIAM J. Optim. ",
volume="23",
number="3",
pages="1904-1937",
year="2013",
doi={10.1137/120869079},
}


@article {cafopitr15,
    AUTHOR = {Caponigro, Marco and Fornasier, Massimo and Piccoli, Benedetto
              and Tr{\'e}lat, Emmanuel},
     TITLE = {Sparse stabilization and control of alignment models},
   JOURNAL = {Math. Models Methods Appl. Sci.},
  FJOURNAL = {Mathematical Models and Methods in Applied Sciences},
    VOLUME = {25},
      YEAR = {2015},
    NUMBER = {3},
     PAGES = {521--564},
      ISSN = {0218-2025},
   MRCLASS = {91D10 (34D45 35B36 49J15 65K10 93B05 93D15)},
  MRNUMBER = {3285315},
       DOI = {10.1142/S0218202515400059},
       URL = {http://dx.doi.org/10.1142/S0218202515400059},
}

@article{cafopitr13,
    Author = {Marco {Caponigro} and Massimo {Fornasier} and Benedetto {Piccoli} and Emmanuel {Tr\'elat}},
    Title = {{Sparse stabilization and optimal control of the Cucker-Smale model.}},
    FJournal = {{Mathematical Control and Related Fields [electronic only]}},
    Journal = {{Math. Control Relat. Fields}},
    ISSN = {2156-8472; 2156-8499/e},
    Volume = {3},
    Number = {4},
    Pages = {447--466},
    Year = {2013},
    Publisher = {American Institute of Mathematical Sciences (AIMS), Springfield, MO},
    Language = {English},
    DOI = {10.3934/mcrf.2013.3.447},
    MSC2010 = {49J15 93D15 65K10 93B05},
    Zbl = {1275.49003}
}

@article {foso14,
    AUTHOR = {Fornasier, Massimo and Solombrino, Francesco},
     TITLE = {Mean-field optimal control},
   JOURNAL = {ESAIM Control Optim. Calc. Var.},
  FJOURNAL = {ESAIM. Control, Optimisation and Calculus of Variations},
    VOLUME = {20},
      YEAR = {2014},
    NUMBER = {4},
     PAGES = {1123--1152},
      ISSN = {1292-8119},
   MRCLASS = {49K20 (35Q83 35Q91)},
  MRNUMBER = {3264236},
       DOI = {10.1051/cocv/2014009},
       URL = {http://dx.doi.org/10.1051/cocv/2014009},
}



@article {heoemascszwa11,
    AUTHOR = {Herbert-Reada, James E.  and  Pernab, Andrea and Mannb, Richard P.  and Schaerfa, Timothy M.  and  Sumpterb, David J. T. and  Warda, Ashley J. W.},
     TITLE = {Inferring the rules of interaction of shoaling fish},
   JOURNAL = {PNAS},
    VOLUME = {108},
      YEAR = {2011},
    NUMBER = {46},
     PAGES = {18726?18731},
}

@article {mann11,
    AUTHOR = {Mann, R.P. },
     TITLE = {Bayesian Inference for Identifying Interaction Rules in Moving Animal Groups.},
   JOURNAL = {PLoS ONE},
    VOLUME = {6},
      YEAR = {2011},
    NUMBER = {8},
     PAGES = { e22827. doi:10.1371/journal.pone.0022827},
}

@book {brpi07,
    AUTHOR = {Bressan, Alberto and Piccoli, Benedetto},
     TITLE = {Introduction to the mathematical theory of control},
    SERIES = {AIMS Series on Applied Mathematics},
    VOLUME = {2},
 PUBLISHER = {American Institute of Mathematical Sciences (AIMS),
              Springfield, MO},
      YEAR = {2007},
     PAGES = {xiv+312},
      ISBN = {978-1-60133-002-4; 1-60133-002-2},
   MRCLASS = {49-01 (49J15 49K15 93-01 93C15 93D15)},
  MRNUMBER = {2347697 (2008j:49001)},
MRREVIEWER = {Jacek B. Krawczyk},
}

@article {MR2249856,
    AUTHOR = {Binev, Peter and Cohen, Albert and Dahmen, Wolfgang and
              DeVore, Ronald and Temlyakov, Vladimir},
     TITLE = {Universal algorithms for learning theory. {I}. {P}iecewise
              constant functions},
   JOURNAL = {J. Mach. Learn. Res.},
  FJOURNAL = {Journal of Machine Learning Research (JMLR)},
    VOLUME = {6},
      YEAR = {2005},
     PAGES = {1297--1321},
      ISSN = {1532-4435},
   MRCLASS = {68T05 (62H30 68W40)},
  MRNUMBER = {2249856},
}
@Article{zbMATH05990811,
    Author = {Sylvia {Serfaty}},
    Title = {{Gamma-convergence of gradient flows on Hilbert and metric spaces and applications.}},
    FJournal = {{Discrete and Continuous Dynamical Systems}},
    Journal = {{Discrete Contin. Dyn. Syst.}},
    ISSN = {1078-0947; 1553-5231/e},
    Volume = {31},
    Number = {4},
    Pages = {1427--1451},
    Year = {2011},
    Publisher = {American Institute of Mathematical Sciences (AIMS), Springfield, MO},
    Language = {English},
    DOI = {10.3934/dcds.2011.31.1427},
    MSC2010 = {35B27 35K15 35Q56},
    Zbl = {1239.35015}
}
@article {MR2327596,
    AUTHOR = {Binev, Peter and Cohen, Albert and Dahmen, Wolfgang and
              DeVore, Ronald},
     TITLE = {Universal algorithms for learning theory. {II}. {P}iecewise
              polynomial functions},
   JOURNAL = {Constr. Approx.},
  FJOURNAL = {Constructive Approximation. An International Journal for
              Approximations and Expansions},
    VOLUME = {26},
      YEAR = {2007},
    NUMBER = {2},
     PAGES = {127--152},
      ISSN = {0176-4276},
   MRCLASS = {62G05 (41A10 68Q32 92E10)},
  MRNUMBER = {2327596},
       DOI = {10.1007/s00365-006-0658-z},
       URL = {http://dx.doi.org/10.1007/s00365-006-0658-z},
}
	
@article {caforoto10,
    AUTHOR = {Carrillo, J. A. and Fornasier, M. and Rosado, J. and Toscani,
              G.},
     TITLE = {Asymptotic flocking dynamics for the kinetic {C}ucker-{S}male
              model},
   JOURNAL = {SIAM J. Math. Anal.},
  FJOURNAL = {SIAM Journal on Mathematical Analysis},
    VOLUME = {42},
      YEAR = {2010},
    NUMBER = {1},
     PAGES = {218--236},
      ISSN = {0036-1410},
     CODEN = {SJMAAH},
   MRCLASS = {35B40 (35Q92 82D99 92D50)},
  MRNUMBER = {2596552 (2011c:35057)},
MRREVIEWER = {Giuseppe Maria Coclite},
       DOI = {10.1137/090757290},
       URL = {http://dx.doi.org/10.1137/090757290},
}

@book {is06,
    AUTHOR = {Isakov, Victor},
     TITLE = {Inverse problems for partial differential equations},
    SERIES = {Applied Mathematical Sciences},
    VOLUME = {127},
   EDITION = {Second},
 PUBLISHER = {Springer, New York},
      YEAR = {2006},
     PAGES = {xiv+344},
      ISBN = {978-0387-25364-0; 0-387-25364-5},
   MRCLASS = {35R30 (35-02 65M32 74G75 74J25 76Q05 80A22 80A23)},
  MRNUMBER = {2193218 (2006h:35279)},
}

@book {baku89,
    AUTHOR = {Banks, H. T. and Kunisch, K.},
     TITLE = {Estimation techniques for distributed parameter systems},
    SERIES = {Systems \& Control: Foundations \& Applications},
    VOLUME = {1},
 PUBLISHER = {Birkh\"auser Boston, Inc., Boston, MA},
      YEAR = {1989},
     PAGES = {xiv+315},
      ISBN = {0-8176-3433-9},
   MRCLASS = {93C20 (35B37 65P05 93-02 93B30)},
  MRNUMBER = {1045629 (91b:93085)},
MRREVIEWER = {Shin'ichi Aihara},
       DOI = {10.1007/978-1-4612-3700-6},
       URL = {http://dx.doi.org/10.1007/978-1-4612-3700-6},
}


@book {enhane96,
    AUTHOR = {Engl, Heinz W. and Hanke, Martin and Neubauer, Andreas},
     TITLE = {Regularization of inverse problems},
    SERIES = {Mathematics and its Applications},
    VOLUME = {375},
 PUBLISHER = {Kluwer Academic Publishers Group, Dordrecht},
      YEAR = {1996},
     PAGES = {viii+321},
      ISBN = {0-7923-4157-0},
   MRCLASS = {65J20 (35R30 47A50 47H17)},
  MRNUMBER = {1408680 (97k:65145)},
MRREVIEWER = {Ulrich Tautenhahn},
       DOI = {10.1007/978-94-009-1740-8},
       URL = {http://dx.doi.org/10.1007/978-94-009-1740-8},
}

@article {bofosoroXX,
    AUTHOR = {Bongini, Mattia and Fornasier, Massimo and Solombrino, Francesco and Rossi, Francesco},
     TITLE = {Mean-Field {P}ontryagin Maximum Principle},
   JOURNAL = {submitted},
    VOLUME = {},
      YEAR = {2015},
    NUMBER = {},
     PAGES = {},
}


@article {fohuXX,
    AUTHOR = {Fornasier, Massimo and H{\"u}tter,
              Jan-Christian},
     TITLE = {Consistency of probability measure quantization by means of power repulsion-attraction potentials},
   JOURNAL = {J. Fourier Anal. Appl.},
    VOLUME = {},
      YEAR = {submitted},
    NUMBER = {},
     PAGES = {},
}

@book{AFP,
author="Ambrosio, L. and  Fusco, N. and  Pallara, D.",
title="{Functions of Bounded Variation and Free-Discontinuity Problems.}",
publisher="{Oxford Mathematical Monographs. Oxford: Clarendon Press. xviii}",
year={2000},
}

@article{frma98,
author="Francfort, G.A. and Marigo, J.-J.",
title="{Revisiting brittle fracture as an energy minimization problem.}",
journal="J. Mech. Phys. Solids",
volume="46",
number="8",
pages="1319-1342",
year="1998",
}
@article{BOS1,
  author = {Burke, Siobhan and Ortner, Christoph and S{\"u}li, Endre},
  title = {An adaptive finite element approximation of a variational
              model of brittle fracture},
  journal = {SIAM J. Numer. Anal.},
  fjournal = {SIAM Journal on Numerical Analysis},
  volume = {48},
  year = {2010},
  number = {3},
  pages = {980--1012},
  
}
@article{BOS2,
  author = {Burke, Siobhan and Ortner, Christoph and S{\"u}li, Endre},
  title = {An adaptive finite element approximation of a
                  generalised {Ambrosio--Tortorelli} functional},
  journal = {Math. Models Meth. Appl. Sc.},
  volume = {23},
  year = {2013},

}
@article{AFMP1,
  author = {Artina, Marco and Fornasier, Massimo and Micheletti, Stefano and Perotto, Simona},
  title = {Anisotropic mesh adaptation for crack detection in brittle materials},
  journal = {SIAM J. Sci. Comput.},
  volume = {},
 pages = {},
  year = {2015},
  
}
@incollection{AFMP3,
author={Artina, Marco and Fornasier, Massimo and Micheletti, Stefano and Perotto, Simona},
title = {The benefits of anisotropic mesh adaptation for brittle fractures under plane-strain condition},
 booktitle   = "New Challenges in Grid Generation and Adaptivity for Scientific Computing",
   editor      = "Perotto, Simona and Formaggia, Luca",
   publisher   = "SEMA SIMAI Springer Series",
volume="5",
year={2015},
}




@conference{AFMP2,
   author      = {Artina, Marco and Fornasier, Massimo and Micheletti, Stefano and Perotto, Simona},
   year        = "2015",
   title       = "Anisotropic adaptive meshes for brittle fractures: parameter sensitivity",
   booktitle   = "Numerical Mathematics and Advanced Applications - ENUMATH 2013- Lecture Notes in Computational Science and Engineering",
   editor      = {Abdulle, A. and Deparis, S. and Kressner, D. and Nobile, F. and Picasso, M.},
volume="103",
   publisher   = "Springer",
   pages       = "293-301 "
}
@Article{CFM,
    Author = {A. {Chambolle} and G.A. {Francfort} and J.-J. {Marigo}},
    Title = {{When and how do cracks propagate?}},
    FJournal = {{Journal of the Mechanics and Physics of Solids}},
    Journal = {{J. Mech. Phys. Solids}},
    ISSN = {0022-5096},
    Volume = {57},
    Number = {9},
    Pages = {1614--1622},
    Year = {2009},
    Publisher = {Elsevier (Pergamon), Oxford},
    Language = {English},
    DOI = {10.1016/j.jmps.2009.05.009},
    MSC2010 = {74}
}

@Article{bofo14,
    Author = {Mattia {Bongini} and Massimo {Fornasier}},
    Title = {{Sparse stabilization of dynamical systems driven by attraction and avoidance forces.}},
    FJournal = {{Networks and Heterogeneous Media [electronic only]}},
    Journal = {{Netw. Heterog. Media}},
    ISSN = {1556-1801; 1556-181X/e},
    Volume = {9},
    Number = {1},
    Pages = {1--31},
    Year = {2014},
    Publisher = {American Institute of Mathematical Sciences (AIMS), Springfield, MO},
    Language = {English},
    DOI = {10.3934/nhm.2014.9.1},
    MSC2010 = {37B25 49J15 68P30}
}


@article {bofojuscXX,
    AUTHOR = {Bongini, Mattia and Fornasier, Massimo and Junge, Oliver and Scharf, Benjamin},
     TITLE = {Sparse control of alignment models in high dimension},
   JOURNAL = {Networks and Heterogenous Media},
    VOLUME = {},
      YEAR = {2015},
    NUMBER ={},
     PAGES = {to appear},
}

@Article{BFM,
    Author = {B. {Bourdin} and G.A. {Francfort} and J-J. {Marigo}},
    Title = {{Numerical experiments in revisited brittle fracture.}},
    FJournal = {{Journal of the Mechanics and Physics of Solids}},
    Journal = {{J. Mech. Phys. Solids}},
    ISSN = {0022-5096},
    Volume = {48},
    Number = {4},
    Pages = {797--826},
    Year = {2000},
    Publisher = {Elsevier (Pergamon), Oxford},
    Language = {English},
    DOI = {10.1016/S0022-5096(99)00028-9},
    MSC2010 = {74R10 74S05 74G65},
    Zbl = {0995.74057}
}
@Article{KB,
    Author = {Barbara {Kaltenbacher}},
    Title = {{Regularization by projection with a posteriori discretization level choice for linear and nonlinear ill-posed problems.}},
    FJournal = {{Inverse Problems}},
    Journal = {{Inverse Probl.}},
    ISSN = {0266-5611},
    Volume = {16},
    Number = {5},
    Pages = {1523--1539},
    Year = {2000},
    Publisher = {IOP Publishing, Bristol},
    Language = {English},
    DOI = {10.1088/0266-5611/16/5/322},
    MSC2010 = {65J10 65J20 65J15 47A52 47J06},
    Zbl = {0978.65045}
}

@Article{AFS13,
    Author = {Marco {Artina} and Massimo {Fornasier} and Francesco {Solombrino}},
    Title = {{Linearly constrained nonsmooth and nonconvex minimization.}},
    FJournal = {{SIAM Journal on Optimization}},
    Journal = {{SIAM J. Optim.}},
    ISSN = {1052-6234; 1095-7189/e},
    Volume = {23},
    Number = {3},
    Pages = {1904--1937},
    Year = {2013},
    Publisher = {Society for Industrial and Applied Mathematics (SIAM), Philadelphia, PA},
    Language = {English},
    DOI = {10.1137/120869079},
    MSC2010 = {49M30 49M25 90C26 52A41 65J22 65K10 68U10 74S30},
    Zbl = {1277.49039}
}
@Article{BFHM,
    Author = {Bongini, Mattia and Fornasier, Massimo and Hansen, Markus and Maggioni, Mauro},
    Title = {{Learning social potentials in multi-agent dynamical systems,}},
  
    Journal = {preprint},
        Volume = {},
    Number = {},
    Pages = {},
    Year = {2015},
   
}
@InCollection{BCDR,
    Author = {Peter {Binev} and Albert {Cohen} and Wolfgang {Dahmen} and Ronald {DeVore}},
    Title = {{Universal piecewise polynomial estimators for machine learning.}},
    BookTitle = {{Curve and surface design. Avignon 2006. Proceedings 6th international conference on curves and surfaces, Avignon, France, June 29 -- July 5, 2006.}},
    ISBN = {978-0-9728482-7-5/hbk},
    Pages = {48--77},
    Year = {2007},
    Publisher = {Brentwood: Nashboro Press},
    Language = {English},
    MSC2010 = {65C60 62J02 68T05 65T60},
    Zbl = {1131.65006}
}



@book{AFP00,
author="Ambrosio, Luigi and Fusco, Nicola and Pallara, Diego",
title="{Functions of Bounded Variation and Free Discontinuity Problems.}",
volume={254},
year={2000},
publisher={Clarendon Press Oxford}
}

@Book{Fil,
    Author = {A.F. {Filippov}},
    Title = {{Differential equations with discontinuous right-hand sides}},
    ISBN = {90-277-2699-X},
    Pages = {x + 304},
    Year = {1988},
    Publisher = {Kluwer Academic Publishers},
    Language = {English},
    MSC2010 = {34-01 34A60 34C25 34C11 34C05 34D20},
    Zbl = {0664.34001}
}


@article{CGP,
Author = {Cullen, Mike and Gangbo, Wilfrid and Pisante, Giovanni},
year={2007},
Journal={Archive for Rational Mechanics and Analysis},
volume={185},
number={2},
doi={10.1007/s00205-006-0040-6},
title={The Semigeostrophic Equations Discretized in Reference and Dual Variables},
url={http://dx.doi.org/10.1007/s00205-006-0040-6},
publisher={Springer-Verlag},
pages={341-363},
language={English}
}


@article{fornasier2014mean,
	Author = {Fornasier, Massimo and Piccoli, Benedetto and Rossi, Francesco},
	Date-Modified = {2015-02-09 12:55:52 +0000},
	Journal = {Philos. Trans. R. Soc. Lond. Ser. A Math. Phys. Eng. Sci.},
	Number = {2028},
	Pages = {20130400},
	Publisher = {The Royal Society},
	Title = {Mean-field Sparse Optimal Control},
	Volume = {372},
	Year = {2014}}

@article{bofo13,
	Author = {Bongini, Mattia and Fornasier, Massimo},
	Date-Modified = {2015-02-09 12:52:29 +0000},
	Journal = {Netw. Heterog. Media},
	Number = {1},
	Pages = {1--31},
	Title = {Sparse Stabilization of Dynamical Systems Driven by Attraction and Avoidance Forces},
	Volume = {9},
	Year = {2014}}

@book{93-Dal_Maso-intro-g-conv,
	Address = {Boston, MA},
	Author = {Dal Maso, Gianni},
	Doi = {10.1007/978-1-4612-0327-8},
	Isbn = {0-8176-3679-X},
	Mrclass = {49-02 (46N10 47H99 47N10 49J45 73B27)},
	Mrnumber = {1201152 (94a:49001)},
	Mrreviewer = {T. Zolezzi},
	Publisher = {Birkh\"auser Boston Inc.},
	Series = {Progr. Nonlinear Differential Equations Appl.},
        Title = {An Introduction to {$\Gamma$}-Convergence},
	Url = {http://dx.doi.org/10.1007/978-1-4612-0327-8},
	Year = {1993},
	Bdsk-Url-1 = {http://dx.doi.org/10.1007/978-1-4612-0327-8}}

@book{Kin-Sta,
	Address = {New York, NY},
	Author= {Kinderlehrer, David and Stampacchia, Guido},
	Publisher = {Academic Press},
	Title = {{An Introduction to Variational Inequalities and their Applications}},
	Year = {1980}}
	

@article{viza12,
	Author = {Vicsek, Tam\'as, and Zafeiris, Anna},
	Date-Modified = {2015-02-09 12:55:18 +0000},
	Journal = {Phys. Rep.},
	Pages = {71-140},
	Title = {{Collective Motion}},
	Volume = {517},
	Year = {2012}}

@article{CuckerDong13,
	Author = {Cucker, Felipe and Dong, Jiu-Gang},
	Date-Modified = {2015-02-09 12:56:29 +0000},
	Journal = {Discrete Contin. Dyn. Syst.},
	Number = {3},
	Pages = {1009-1020},
	Title = {A Conditional, Collision-Avoiding, Model for Swarming},
	Volume = {34},
	Year = {2014}}

@incollection{1211.91213,
	Author = {Carrillo, Jos\'e A. and Fornasier, Massimo and Toscani, Giuseppe and Vecil, Francesco},
	Booktitle = {Mathematical modeling of collective behavior in socio-economic and life sciences},
	Date-Modified = {2015-02-09 12:46:10 +0000},
	Pages = {297--336},
	Publisher = {{Boston, MA: Birkh\"auser}},
	Title = {{Particle, Kinetic, and Hydrodynamic Models of Swarming}},
	Year = {2010}}
	
@Article{CanCarRos10,
    Author = {J.A. {Ca\~nizo} and J.A. {Carrillo} and J. {Rosado}},
    Title = {{A well-posedness theory in measures for some kinetic models of collective motion.}},
    FJournal = {{M$^3$AS. Mathematical Models \& Methods in Applied Sciences}},
    Journal = {{Math. Models Methods Appl. Sci.}},
    ISSN = {0218-2025; 1793-6314/e},
    Volume = {21},
    Number = {3},
    Pages = {515--539},
    Year = {2011},
    Publisher = {World Scientific, Singapore},
    Language = {English},
    DOI = {10.1142/S0218202511005131},
    MSC2010 = {35A01 35A02 35B40 82D99 92D50},
    Zbl = {1218.35005}
}

@book{evans1991measure,
	Author = {Evans, Lawrence C. and Gariepy, Ronald F.},
	Date-Modified = {2015-02-09 12:56:08 +0000},
	Publisher = {CRC press},
	Title = {{Measure Theory and Fine Properties of Functions}},
	Volume = {5},
	Year = {1991}}

@book{clarke2013functional,
	Author = {Clarke, Francis},
	Date-Modified = {2015-02-09 12:56:36 +0000},
	Publisher = {Springer},
	Title = {{Functional Analysis, Calculus of Variations and Optimal Control}},
	Volume = {264},
	Year = {2013}}

@book{BressanPiccoli,
	Author = {Bressan, Alberto and Piccoli, Benedetto},
	Date-Modified = {2015-02-09 12:52:47 +0000},
	Publisher = {American Institute of Mathematical Sciences (AIMS), Springfield, MO},
	Series = {AIMS Series on Applied Mathematics},
	Title = {{I}ntroduction to the {M}athematical {T}heory of {C}ontrol},
	Volume = {2},
	Year = {2007}}

@article{mato08,
	Author = {Matthes, Daniel and Toscani, Giuseppe},
	Journal = {Kinet. Relat. Models},
	Number = {1},
	Pages = {1-27},
	Title = {Analysis of a Model for Wealth Redistribution.},
	Volume = {1},
	Year = {2008}}

@book{AGS,
	Address = {Basel},
	Author = {Ambrosio, Luigi and Gigli, Nicola and Savar{\'e}, Giuseppe},
	Date-Modified = {2015-02-09 12:51:20 +0000},
	Edition = {Second},
	Publisher = {Birkh\"auser Verlag},
	Series = {Lectures in Mathematics ETH Z\"urich},
	Title = {{G}radient {F}lows in {M}etric {S}paces and in the {S}pace of {P}robability {M}easures},
	Year = {2008}}

@article{CS,
	Author = {Cucker, Felipe and Smale, Steve},
	Coden = {IETAA9},
	Date-Modified = {2015-02-09 12:56:17 +0000},
	Doi = {10.1109/TAC.2007.895842},
	Fjournal = {Institute of Electrical and Electronics Engineers. Transactions on Automatic Control},
	Issn = {0018-9286},
	Journal = {IEEE Trans. Automat. Control},
	Mrclass = {91C20 (34C60 91D99 92D50)},
	Mrnumber = {2324245 (2008h:91132)},
	Mrreviewer = {Vadim Komkov},
	Number = {5},
	Pages = {852--862},
	Title = {Emergent Behavior in Flocks},
	Url = {http://dx.doi.org/10.1109/TAC.2007.895842},
	Volume = {52},
	Year = {2007},
	Bdsk-Url-1 = {http://dx.doi.org/10.1109/TAC.2007.895842}}
	
@book{KelleyTop,
    Author = {John L. {Kelley}},
    Title = {{General topology}},
    Year = {1955},
    Language = {English},
    publisher={Springer-Verlag},
    Zbl = {0066.16604}
}

@article{BuDm82,
	Author = {G. Buttazzo and G. Dal Maso},
	Date-Modified = {2015-02-09 12:53:04 +0000},
	Journal = {J. Optim. Theory Appl.},
	Number = {3},
	Pages = {385-407},
	Title = {{$\Gamma$}-Convergence and Optimal Control Problems},
	Volume = {38},
	Year = {1982}}


@Article{vybiral,
    Author = {Massimo {Fornasier} and Jan {Ha\v skovec} and Jan {Vyb\'iral}},
    Title = {{Particle systems and kinetic equations modeling interacting agents in high dimension.}},
    FJournal = {{Multiscale Modeling \& Simulation}},
    Journal = {{Multiscale Model. Simul.}},
    ISSN = {1540-3459; 1540-3467/e},
    Volume = {9},
    Number = {4},
    Pages = {1727--1764},
    Year = {2011},
    Publisher = {Society for Industrial and Applied Mathematics (SIAM), Philadelphia, PA},
    Language = {English},
    DOI = {10.1137/110830617},
    MSC2010 = {93A14 93B11 35F25 65P99},
    Zbl = {1244.93010}
}


@article{ambrosio,
	Author = {Ambrosio, Luigi and Gangbo, Wilfrid},
	Date-Modified = {2015-02-09 12:51:53 +0000},
	Doi = {10.1002/cpa.20188},
	Issn = {1097-0312},
	Journal = {Comm. Pure Appl. Math.},
	Number = {1},
	Pages = {18--53},
	Publisher = {Wiley Subscription Services, Inc., A Wiley Company},
	Title = {Hamiltonian {ODE}s in the {W}asserstein Space of Probability Measures},
	Url = {http://dx.doi.org/10.1002/cpa.20188},
	Volume = {61},
	Year = {2008},
	Bdsk-Url-1 = {http://dx.doi.org/10.1002/cpa.20188}}

@article{MFOC,
	Author = {Massimo Fornasier AND Francesco Solombrino},
	Date-Modified = {2015-02-20 13:50:54 +0000},
	Journal = {ESAIM Control Optim. Calc. Var.},
	Number = {4},
	Pages = {1123--1152},
	Title = {Mean-Field Optimal Control},
	Volume = {20},
	Year = {2014}}

@book{villani,
	Address = {Providence, RI},
	Author = {Villani, C{\'e}dric},
	Date-Modified = {2015-02-09 12:55:05 +0000},
	Publisher = {American Mathematical Society},
	Series = {Graduate Studies in Mathematics},
	Title = {{Topics in Optimal Transportation}},
	Volume = {58},
	Year = {2003}}

@article{pedestrian,
	Author = {Piccoli, Benedetto and Rossi, Francesco},
	Date-Modified = {2015-02-09 12:55:34 +0000},
	Doi = {10.1007/s10440-012-9771-6},
	Issn = {0167-8019},
	Journal = {Acta Appl. Math.},
	Keywords = {Numerical schemes for PDEs; Transport equation; Evolution of measures Wasserstein distance; Pedestrian modelling; 35F25},
	Language = {English},
	Number = {1},
	Pages = {73-105},
	Publisher = {Springer Netherlands},
	Title = {Transport Equation with Nonlocal Velocity in {W}asserstein Spaces: Convergence of Numerical Schemes},
	Url = {http://dx.doi.org/10.1007/s10440-012-9771-6},
	Volume = {124},
	Year = {2013},
	Bdsk-Url-1 = {http://dx.doi.org/10.1007/s10440-012-9771-6}}

@article{gw,
	Author = {Piccoli, Benedetto and Rossi, Francesco},
	Date-Modified = {2015-02-09 12:54:23 +0000},
	Doi = {10.1007/s00205-013-0669-x},
	Issn = {0003-9527},
	Journal = {Arch. Ration. Mech. Anal.},
	Language = {English},
	Number = {1},
	Pages = {335-358},
	Publisher = {Springer Berlin Heidelberg},
	Title = {Generalized {W}asserstein Distance and its Application to Transport Equations with Source},
	Url = {http://dx.doi.org/10.1007/s00205-013-0669-x},
	Volume = {211},
	Year = {2014},
	Bdsk-Url-1 = {http://dx.doi.org/10.1007/s00205-013-0669-x}}
	
@article{reynolds1987flocks,
  title={Flocks, herds and schools: A distributed behavioral model},
  author={Reynolds, Craig W.},
  journal={ACM SIGGRAPH Computer Graphics},
  volume={21},
  number={4},
  pages={25--34},
  year={1987},
  publisher={ACM}
}

@article{vicsek2012collective,
  title={Collective motion},
  author={Vicsek, Tam{\'a}s and Zafeiris, Anna},
  journal={Phys. Rep.},
  volume={517},
  number={3},
  pages={71--140},
  year={2012},
  publisher={Elsevier}
}

@article{helbing2000simulating,
  title={Simulating dynamical features of escape panic},
  author={Helbing, Dirk and Farkas, Ill{\'e}s and Vicsek, Tamas},
  journal={Nature},
  volume={407},
  number={6803},
  pages={487--490},
  year={2000},
  publisher={Nature Publishing Group}
}

@article{hughes2002continuum,
  title={A continuum theory for the flow of pedestrians},
  author={Hughes, Roger L.},
  journal={Transport. Res. B Meth.},
  volume={36},
  number={6},
  pages={507--535},
  year={2002},
  publisher={Elsevier}
}

@article{vicsek1995novel,
  title={Novel type of phase transition in a system of self-driven particles},
  author={Vicsek, Tam{\'a}s and Czir{\'o}k, Andr{\'a}s and Ben-Jacob, Eshel and Cohen, Inon and Shochet, Ofer},
  journal={Phys. Rev. Lett.},
  volume={75},
  number={6},
  pages={1226},
  year={1995},
  publisher={APS}
}

@article{motsch2014heterophilious,
  title={Heterophilious dynamics enhances consensus},
  author={Motsch, Sebastien and Tadmor, Eitan},
  journal={SIAM Rev.},
  volume={56},
  number={4},
  pages={577--621},
  year={2014},
  publisher={SIAM}
}

@article{cucker2011general,
  title={A general collision-avoiding flocking framework},
  author={Cucker, Felipe and Dong, Jiu-Gang},
  journal={IEEE Trans. Automat. Control},
  volume={56},
  number={5},
  pages={1124--1129},
  year={2011},
  publisher={Institute of Electrical and Electronics Engineers}
}

@article{d2006self,
  title={Self-propelled particles with soft-core interactions: patterns, stability, and collapse},
  author={D'Orsogna, Maria R. and Chuang, Yao-Li and Bertozzi, Andrea L. and Chayes, Lincoln S.},
  journal={Phys. Rev. Lett.},
  volume={96},
  number={10},
  pages={104302},
  year={2006},
  publisher={APS}
}

@article{lasry2007mean,
  title={Mean field games},
  author={Lasry, Jean-Michel and Lions, Pierre-Louis},
  journal={Jpn. J. Math.},
  volume={2},
  number={1},
  pages={229--260},
  year={2007},
  publisher={Springer}
}

@conference{huang2003individual,
  title={Individual and mass behaviour in large population stochastic wireless power control problems: centralized and Nash equilibrium solutions},
  author={Huang, Minyi and Caines, Peter E. and Malham{\'e}, Roland P.},
  booktitle={42nd IEEE Conference on Decision and Control},
  volume={1},
  pages={98--103},
  year={2003},
  organization={IEEE}
}

@article{caponigro2015sparse,
  title={Sparse stabilization and control of alignment models},
  author={Caponigro, Marco and Fornasier, Massimo and Piccoli, Benedetto and Tr{\'e}lat, Emmanuel},
  journal={Math. Models Methods Appl. Sci.},
  volume={25},
  number={03},
  pages={521--564},
  year={2015},
  publisher={World Scientific}
}

@conference{bongini2014sparse,
  title={Sparse Control of Force Field Dynamics},
  author={Bongini, Mattia and Fornasier, Massimo and Fr\"olich, Fabian and Hagverdi, Laleh},
  booktitle={{International Conference on NETwork Games, COntrol and OPtimization}},
  month={October},
  year={2014},
}

@article{bongini2015conditional,
  title={({U}n)conditional consensus emergence under feedback controls},
  author={Bongini, Mattia and Fornasier, Massimo and Kalise, Dante},
  journal={{To appear in Discrete Contin. Dyn. Syst.}},
  volume={35},
  number={9},
  note={Preprint at arXiv:1502.06100},
  year={2015}
}

@article {CucSma07,
    AUTHOR = {Cucker, Felipe and Smale, Steve},
     TITLE = {Emergent behavior in flocks},
   JOURNAL = {IEEE Trans. Automat. Control},
  FJOURNAL = {Institute of Electrical and Electronics Engineers.
              Transactions on Automatic Control},
    VOLUME = {52},
      YEAR = {2007},
    NUMBER = {5},
     PAGES = {852--862},
      ISSN = {0018-9286},
     CODEN = {IETAA9},
   MRCLASS = {91C20 (34C60 91D99 92D50)},
  MRNUMBER = {MR2324245 (2008h:91132)},
MRREVIEWER = {Vadim Komkov},
       DOI = {10.1109/TAC.2007.895842},
       URL = {http://dx.doi.org/10.1109/TAC.2007.895842},
}
	


@article{bonginijunge2014sparse,
  title={Sparse Control of Alignment Models in High Dimension},
  author={Bongini, Mattia and Fornasier, Massimo and Junge, Oliver and Scharf, Benjamin},
  journal={{To appear in Netw. Heterog. Media}},
  note={Preprint at arXiv:1408.6362},
  year={2014}
}

@article{burger2013mean,
  title={Mean field games with nonlinear mobilities in pedestrian dynamics},
  author={Burger, Martin and Di Francesco, Marco and Markowich, Peter and Wolfram, Marie-Therese},
  journal={Discrete Contin. Dyn. Syst. Ser. B},
  volume={19},
  pages={1311--1333},
  year={2014}
}

@article{carmona2013control,
  title={Control of {McKean--Vlasov} dynamics versus mean field games},
  author={Carmona, Ren{\'e} and Delarue, Fran{\c{c}}ois and Lachapelle, Aim{\'e}},
  journal={Math. Financ. Econ.},
  volume={7},
  number={2},
  pages={131--166},
  year={2013},
  publisher={Springer}
}

@book{bensoussan2013mean,
  title={{Mean Field Games and Mean Field Type Control Theory}},
  author={Bensoussan, Alain and Frehse, Jens and Yam, Phillip},
  year={2013},
  publisher={Springer}
}

@article{clason2011duality,
  title={A duality-based approach to elliptic control problems in non-reflexive {B}anach spaces},
  author={Clason, Christian and Kunisch, Karl},
  journal={ESAIM Control Optim. Calc. Var.},
  volume={17},
  number={01},
  pages={243--266},
  year={2011},
  publisher={Cambridge Univ Press}
}

@article{stadler2009elliptic,
  title={Elliptic optimal control problems with {$L^1$}-control cost and applications for the placement of control devices},
  author={Stadler, Georg},
  journal={Comput. Optim. Appl.},
  volume={44},
  number={2},
  pages={159--181},
  year={2009},
  publisher={Springer}
}

@article{pieper2013priori,
  title={A priori error analysis for discretization of sparse elliptic optimal control problems in measure space},
  author={Pieper, Konstantin and Vexler, Boris},
  journal={SIAM J. Control Optim.},
  volume={51},
  number={4},
  pages={2788--2808},
  year={2013},
  publisher={SIAM}
}

@article{privat2013optimal,
  title={Optimal location of controllers for the one-dimensional wave equation},
  author={Privat, Yannick and Tr{\'e}lat, Emmanuel and Zuazua, Enrique},
  journal={Ann. Inst. H. Poincar\'e Anal. Non Lin\'eaire},
  volume={30},
  number={6},
  pages={1097--1126},
  year={2013},
  organization={Elsevier}
}

@article{piccoli2014control,
  title={Control to flocking of the kinetic Cucker-Smale model},
  author={Piccoli, Benedetto and Rossi, Francesco and Tr{\'e}lat, Emmanuel},
  journal={{Submitted}},
  note={Preprint at arXiv:1411.4687},
  year={2014}
}

@article{albi2015invisible,
  title={Invisible Sparse Control of Self-Organizing Agents Leaving Unknown Environments},
  author={Albi, Giacomo and Bongini, Mattia and Cristiani, Emiliano and Kalise, Dante},
  journal={{Submitted}},
  year={2015}
}

@article{raymond1999hamiltonian,
  title={Hamiltonian {P}ontryagin's principles for control problems governed by semilinear parabolic equations},
  author={Raymond, Jean Pierre and Zidani, Housnaa},
  journal={Appl. Math. Optim.},
  volume={39},
  number={2},
  pages={143--177},
  year={1999},
  publisher={Springer}
}
@article{bofohamaXX,
  title={Inferring Interaction Rules from Observations of Evolutive Systems II: The Universal Learning Approach},
  author={Bongini, Mattia and Fornasier, Massimo and Hansen, Markus and Maggioni, Mauro},
  journal={in preparation},
  volume={},
  number={},
  pages={},
  year={},
  publisher={Springer}
}


@article{ha2008from,
  title={From particle to kinetic and hydrodynamic description of flocking},
  author={Ha, Seung-Yeal and Tadmor, Eitan},
  journal={Kinet. Relat. Models},
  volume={1},
  number={3},
  pages={415--435},
  year={2008},
  publisher={AIMS}
}


@article {VCBCS95,
    AUTHOR = {A. T. Vicsek and E. Czir\'ok and O. Ben-Jacob and O. Shochet},
     TITLE = {Novel type of phase transition in a system of self-driven particles},
   JOURNAL = {Phys. Rev. Lett.},
    NUMBER = {75},
      YEAR = {1995},
     PAGES = {1226--1229},
}



@article{andersson2011maximum,
  title={{A maximum principle for SDEs of mean-field type}},
  author={Andersson, Daniel and Djehiche, Boualem},
  journal={Appl. Math. Comput.},
  volume={63},
  number={3},
  pages={341--356},
  year={2011},
  publisher={Springer}
}

@Article{devore,
    Author = {Peter {Binev} and Albert {Cohen} and Wolfgang {Dahmen} and Ronald A. {DeVore} and Vladimir N. {Temlyakov}},
    Title = {{Universal algorithms for learning theory part I: piecewise constant functions.}},
    FJournal = {{Journal of Machine Learning Research}},
    Journal = {{J. Mach. Learn. Res.}},
    ISSN = {1532-4435; 1533-7928/e},
    Volume = {6},
    Pages = {1297--1321},
    Year = {2005},
    Publisher = {Microtome Publishing, Brookline, MA},
    Language = {English},
    MSC2010 = {62G08 62G20 68T05},
    Zbl = {1191.62068}
}

@article{lennard24,
	Author = {Lennard-Jones, J. E. },
	Date-Added = {2015-04-30 08:42:21 +0000},
	Date-Modified = {2015-04-30 08:43:14 +0000},
	Journal = {Proc. R. Soc. Lond. A},
	Number = {738},
	Pages = {463---477},
	Title = {On the Determination of Molecular Fields},
	Volume = {106},
	Year = {1924}}

@unpublished{fornahuetter,
    Author = {Massimo {Fornasier} and Jan-Christian {H\"utter}},
    Title = {Consistency of probability measure quantization by means of power repulsion-attraction potentials},
    Note = {Submitted},
    Year = {2015}
}