%% This BibTeX bibliography file was created using BibDesk.
%% http://bibdesk.sourceforge.net/


%% Created for Mattia Bongini at 2015-02-20 14:51:27 +0100 


%% Saved with string encoding Unicode (UTF-8) 

@book{AFP00,
author="Ambrosio, Luigi and Fusco, Nicola and Pallara, Diego",
title="{Functions of Bounded Variation and Free Discontinuity Problems.}",
volume={254},
year={2000},
publisher={Clarendon Press Oxford}
}

@Book{Fil,
    Author = {A.F. {Filippov}},
    Title = {{Differential equations with discontinuous right-hand sides}},
    ISBN = {90-277-2699-X},
    Pages = {x + 304},
    Year = {1988},
    Publisher = {Kluwer Academic Publishers},
    Language = {English},
    MSC2010 = {34-01 34A60 34C25 34C11 34C05 34D20},
    Zbl = {0664.34001}
}


@article{CGP,
Author = {Cullen, Mike and Gangbo, Wilfrid and Pisante, Giovanni},
year={2007},
Journal={Archive for Rational Mechanics and Analysis},
volume={185},
number={2},
doi={10.1007/s00205-006-0040-6},
title={The Semigeostrophic Equations Discretized in Reference and Dual Variables},
url={http://dx.doi.org/10.1007/s00205-006-0040-6},
publisher={Springer-Verlag},
pages={341-363},
language={English}
}


@article{fornasier2014mean,
	Author = {Fornasier, Massimo and Piccoli, Benedetto and Rossi, Francesco},
	Date-Modified = {2015-02-09 12:55:52 +0000},
	Journal = {Philos. Trans. R. Soc. Lond. Ser. A Math. Phys. Eng. Sci.},
	Number = {2028},
	Pages = {20130400},
	Publisher = {The Royal Society},
	Title = {Mean-field Sparse Optimal Control},
	Volume = {372},
	Year = {2014}}

@article{bofo13,
	Author = {Bongini, Mattia and Fornasier, Massimo},
	Date-Modified = {2015-02-09 12:52:29 +0000},
	Journal = {Netw. Heterog. Media},
	Number = {1},
	Pages = {1--31},
	Title = {Sparse Stabilization of Dynamical Systems Driven by Attraction and Avoidance Forces},
	Volume = {9},
	Year = {2014}}

@book{93-Dal_Maso-intro-g-conv,
	Address = {Boston, MA},
	Author = {Dal Maso, Gianni},
	Doi = {10.1007/978-1-4612-0327-8},
	Isbn = {0-8176-3679-X},
	Mrclass = {49-02 (46N10 47H99 47N10 49J45 73B27)},
	Mrnumber = {1201152 (94a:49001)},
	Mrreviewer = {T. Zolezzi},
	Publisher = {Birkh\"auser Boston Inc.},
	Series = {Progr. Nonlinear Differential Equations Appl.},
        Title = {An Introduction to {$\Gamma$}-Convergence},
	Url = {http://dx.doi.org/10.1007/978-1-4612-0327-8},
	Year = {1993},
	Bdsk-Url-1 = {http://dx.doi.org/10.1007/978-1-4612-0327-8}}

@book{Kin-Sta,
	Address = {New York, NY},
	Author= {Kinderlehrer, David and Stampacchia, Guido},
	Publisher = {Academic Press},
	Title = {{An Introduction to Variational Inequalities and their Applications}},
	Year = {1980}}
	

@article{viza12,
	Author = {Vicsek, Tam\'as, and Zafeiris, Anna},
	Date-Modified = {2015-02-09 12:55:18 +0000},
	Journal = {Phys. Rep.},
	Pages = {71-140},
	Title = {{Collective Motion}},
	Volume = {517},
	Year = {2012}}

@article{CuckerDong13,
	Author = {Cucker, Felipe and Dong, Jiu-Gang},
	Date-Modified = {2015-02-09 12:56:29 +0000},
	Journal = {Discrete Contin. Dyn. Syst.},
	Number = {3},
	Pages = {1009-1020},
	Title = {A Conditional, Collision-Avoiding, Model for Swarming},
	Volume = {34},
	Year = {2014}}

@incollection{1211.91213,
	Author = {Carrillo, Jos\'e A. and Fornasier, Massimo and Toscani, Giuseppe and Vecil, Francesco},
	Booktitle = {Mathematical modeling of collective behavior in socio-economic and life sciences},
	Date-Modified = {2015-02-09 12:46:10 +0000},
	Pages = {297--336},
	Publisher = {{Boston, MA: Birkh\"auser}},
	Title = {{Particle, Kinetic, and Hydrodynamic Models of Swarming}},
	Year = {2010}}
	
@Article{CanCarRos10,
    Author = {J.A. {Ca\~nizo} and J.A. {Carrillo} and J. {Rosado}},
    Title = {{A well-posedness theory in measures for some kinetic models of collective motion.}},
    FJournal = {{M$^3$AS. Mathematical Models \& Methods in Applied Sciences}},
    Journal = {{Math. Models Methods Appl. Sci.}},
    ISSN = {0218-2025; 1793-6314/e},
    Volume = {21},
    Number = {3},
    Pages = {515--539},
    Year = {2011},
    Publisher = {World Scientific, Singapore},
    Language = {English},
    DOI = {10.1142/S0218202511005131},
    MSC2010 = {35A01 35A02 35B40 82D99 92D50},
    Zbl = {1218.35005}
}

@book{evans1991measure,
	Author = {Evans, Lawrence C. and Gariepy, Ronald F.},
	Date-Modified = {2015-02-09 12:56:08 +0000},
	Publisher = {CRC press},
	Title = {{Measure Theory and Fine Properties of Functions}},
	Volume = {5},
	Year = {1991}}

@book{clarke2013functional,
	Author = {Clarke, Francis},
	Date-Modified = {2015-02-09 12:56:36 +0000},
	Publisher = {Springer},
	Title = {{Functional Analysis, Calculus of Variations and Optimal Control}},
	Volume = {264},
	Year = {2013}}

@book{BressanPiccoli,
	Author = {Bressan, Alberto and Piccoli, Benedetto},
	Date-Modified = {2015-02-09 12:52:47 +0000},
	Publisher = {American Institute of Mathematical Sciences (AIMS), Springfield, MO},
	Series = {AIMS Series on Applied Mathematics},
	Title = {{I}ntroduction to the {M}athematical {T}heory of {C}ontrol},
	Volume = {2},
	Year = {2007}}

@article{mato08,
	Author = {Matthes, Daniel and Toscani, Giuseppe},
	Journal = {Kinet. Relat. Models},
	Number = {1},
	Pages = {1-27},
	Title = {Analysis of a Model for Wealth Redistribution.},
	Volume = {1},
	Year = {2008}}

@book{AGS,
	Address = {Basel},
	Author = {Ambrosio, Luigi and Gigli, Nicola and Savar{\'e}, Giuseppe},
	Date-Modified = {2015-02-09 12:51:20 +0000},
	Edition = {Second},
	Publisher = {Birkh\"auser Verlag},
	Series = {Lectures in Mathematics ETH Z\"urich},
	Title = {{G}radient {F}lows in {M}etric {S}paces and in the {S}pace of {P}robability {M}easures},
	Year = {2008}}

@article{CS,
	Author = {Cucker, Felipe and Smale, Steve},
	Coden = {IETAA9},
	Date-Modified = {2015-02-09 12:56:17 +0000},
	Doi = {10.1109/TAC.2007.895842},
	Fjournal = {Institute of Electrical and Electronics Engineers. Transactions on Automatic Control},
	Issn = {0018-9286},
	Journal = {IEEE Trans. Automat. Control},
	Mrclass = {91C20 (34C60 91D99 92D50)},
	Mrnumber = {2324245 (2008h:91132)},
	Mrreviewer = {Vadim Komkov},
	Number = {5},
	Pages = {852--862},
	Title = {Emergent Behavior in Flocks},
	Url = {http://dx.doi.org/10.1109/TAC.2007.895842},
	Volume = {52},
	Year = {2007},
	Bdsk-Url-1 = {http://dx.doi.org/10.1109/TAC.2007.895842}}
	
@book{KelleyTop,
    Author = {John L. {Kelley}},
    Title = {{General topology}},
    Year = {1955},
    Language = {English},
    publisher={Springer-Verlag},
    Zbl = {0066.16604}
}

@article{BuDm82,
	Author = {G. Buttazzo and G. Dal Maso},
	Date-Modified = {2015-02-09 12:53:04 +0000},
	Journal = {J. Optim. Theory Appl.},
	Number = {3},
	Pages = {385-407},
	Title = {{$\Gamma$}-Convergence and Optimal Control Problems},
	Volume = {38},
	Year = {1982}}


@Article{vybiral,
    Author = {Massimo {Fornasier} and Jan {Ha\v skovec} and Jan {Vyb\'iral}},
    Title = {{Particle systems and kinetic equations modeling interacting agents in high dimension.}},
    FJournal = {{Multiscale Modeling \& Simulation}},
    Journal = {{Multiscale Model. Simul.}},
    ISSN = {1540-3459; 1540-3467/e},
    Volume = {9},
    Number = {4},
    Pages = {1727--1764},
    Year = {2011},
    Publisher = {Society for Industrial and Applied Mathematics (SIAM), Philadelphia, PA},
    Language = {English},
    DOI = {10.1137/110830617},
    MSC2010 = {93A14 93B11 35F25 65P99},
    Zbl = {1244.93010}
}


@article{ambrosio,
	Author = {Ambrosio, Luigi and Gangbo, Wilfrid},
	Date-Modified = {2015-02-09 12:51:53 +0000},
	Doi = {10.1002/cpa.20188},
	Issn = {1097-0312},
	Journal = {Comm. Pure Appl. Math.},
	Number = {1},
	Pages = {18--53},
	Publisher = {Wiley Subscription Services, Inc., A Wiley Company},
	Title = {Hamiltonian {ODE}s in the {W}asserstein Space of Probability Measures},
	Url = {http://dx.doi.org/10.1002/cpa.20188},
	Volume = {61},
	Year = {2008},
	Bdsk-Url-1 = {http://dx.doi.org/10.1002/cpa.20188}}

@article{MFOC,
	Author = {Massimo Fornasier AND Francesco Solombrino},
	Date-Modified = {2015-02-20 13:50:54 +0000},
	Journal = {ESAIM Control Optim. Calc. Var.},
	Number = {4},
	Pages = {1123--1152},
	Title = {Mean-Field Optimal Control},
	Volume = {20},
	Year = {2014}}

@book{villani,
	Address = {Providence, RI},
	Author = {Villani, C{\'e}dric},
	Date-Modified = {2015-02-09 12:55:05 +0000},
	Publisher = {American Mathematical Society},
	Series = {Graduate Studies in Mathematics},
	Title = {{Topics in Optimal Transportation}},
	Volume = {58},
	Year = {2003}}

@article{pedestrian,
	Author = {Piccoli, Benedetto and Rossi, Francesco},
	Date-Modified = {2015-02-09 12:55:34 +0000},
	Doi = {10.1007/s10440-012-9771-6},
	Issn = {0167-8019},
	Journal = {Acta Appl. Math.},
	Keywords = {Numerical schemes for PDEs; Transport equation; Evolution of measures Wasserstein distance; Pedestrian modelling; 35F25},
	Language = {English},
	Number = {1},
	Pages = {73-105},
	Publisher = {Springer Netherlands},
	Title = {Transport Equation with Nonlocal Velocity in {W}asserstein Spaces: Convergence of Numerical Schemes},
	Url = {http://dx.doi.org/10.1007/s10440-012-9771-6},
	Volume = {124},
	Year = {2013},
	Bdsk-Url-1 = {http://dx.doi.org/10.1007/s10440-012-9771-6}}

@article{gw,
	Author = {Piccoli, Benedetto and Rossi, Francesco},
	Date-Modified = {2015-02-09 12:54:23 +0000},
	Doi = {10.1007/s00205-013-0669-x},
	Issn = {0003-9527},
	Journal = {Arch. Ration. Mech. Anal.},
	Language = {English},
	Number = {1},
	Pages = {335-358},
	Publisher = {Springer Berlin Heidelberg},
	Title = {Generalized {W}asserstein Distance and its Application to Transport Equations with Source},
	Url = {http://dx.doi.org/10.1007/s00205-013-0669-x},
	Volume = {211},
	Year = {2014},
	Bdsk-Url-1 = {http://dx.doi.org/10.1007/s00205-013-0669-x}}
	
@article{reynolds1987flocks,
  title={Flocks, herds and schools: A distributed behavioral model},
  author={Reynolds, Craig W.},
  journal={ACM SIGGRAPH Computer Graphics},
  volume={21},
  number={4},
  pages={25--34},
  year={1987},
  publisher={ACM}
}

@article{vicsek2012collective,
  title={Collective motion},
  author={Vicsek, Tam{\'a}s and Zafeiris, Anna},
  journal={Phys. Rep.},
  volume={517},
  number={3},
  pages={71--140},
  year={2012},
  publisher={Elsevier}
}

@article{helbing2000simulating,
  title={Simulating dynamical features of escape panic},
  author={Helbing, Dirk and Farkas, Ill{\'e}s and Vicsek, Tamas},
  journal={Nature},
  volume={407},
  number={6803},
  pages={487--490},
  year={2000},
  publisher={Nature Publishing Group}
}

@article{hughes2002continuum,
  title={A continuum theory for the flow of pedestrians},
  author={Hughes, Roger L.},
  journal={Transport. Res. B Meth.},
  volume={36},
  number={6},
  pages={507--535},
  year={2002},
  publisher={Elsevier}
}

@article{vicsek1995novel,
  title={Novel type of phase transition in a system of self-driven particles},
  author={Vicsek, Tam{\'a}s and Czir{\'o}k, Andr{\'a}s and Ben-Jacob, Eshel and Cohen, Inon and Shochet, Ofer},
  journal={Phys. Rev. Lett.},
  volume={75},
  number={6},
  pages={1226},
  year={1995},
  publisher={APS}
}

@article{motsch2014heterophilious,
  title={Heterophilious dynamics enhances consensus},
  author={Motsch, Sebastien and Tadmor, Eitan},
  journal={SIAM Rev.},
  volume={56},
  number={4},
  pages={577--621},
  year={2014},
  publisher={SIAM}
}

@article{cucker2011general,
  title={A general collision-avoiding flocking framework},
  author={Cucker, Felipe and Dong, Jiu-Gang},
  journal={IEEE Trans. Automat. Control},
  volume={56},
  number={5},
  pages={1124--1129},
  year={2011},
  publisher={Institute of Electrical and Electronics Engineers}
}

@article{d2006self,
  title={Self-propelled particles with soft-core interactions: patterns, stability, and collapse},
  author={D'Orsogna, Maria R. and Chuang, Yao-Li and Bertozzi, Andrea L. and Chayes, Lincoln S.},
  journal={Phys. Rev. Lett.},
  volume={96},
  number={10},
  pages={104302},
  year={2006},
  publisher={APS}
}

@article{lasry2007mean,
  title={Mean field games},
  author={Lasry, Jean-Michel and Lions, Pierre-Louis},
  journal={Jpn. J. Math.},
  volume={2},
  number={1},
  pages={229--260},
  year={2007},
  publisher={Springer}
}

@conference{huang2003individual,
  title={Individual and mass behaviour in large population stochastic wireless power control problems: centralized and Nash equilibrium solutions},
  author={Huang, Minyi and Caines, Peter E. and Malham{\'e}, Roland P.},
  booktitle={42nd IEEE Conference on Decision and Control},
  volume={1},
  pages={98--103},
  year={2003},
  organization={IEEE}
}

@article{caponigro2015sparse,
  title={Sparse stabilization and control of alignment models},
  author={Caponigro, Marco and Fornasier, Massimo and Piccoli, Benedetto and Tr{\'e}lat, Emmanuel},
  journal={Math. Models Methods Appl. Sci.},
  volume={25},
  number={03},
  pages={521--564},
  year={2015},
  publisher={World Scientific}
}

@conference{bongini2014sparse,
  title={Sparse Control of Force Field Dynamics},
  author={Bongini, Mattia and Fornasier, Massimo and Fr\"olich, Fabian and Hagverdi, Laleh},
  booktitle={{International Conference on NETwork Games, COntrol and OPtimization}},
  month={October},
  year={2014},
}

@article{bongini2015conditional,
  title={({U}n)conditional consensus emergence under feedback controls},
  author={Bongini, Mattia and Fornasier, Massimo and Kalise, Dante},
  journal={{To appear in Discrete Contin. Dyn. Syst.}},
  volume={35},
  number={9},
  note={Preprint at arXiv:1502.06100},
  year={2015}
}

@article{bonginijunge2014sparse,
  title={Sparse Control of Alignment Models in High Dimension},
  author={Bongini, Mattia and Fornasier, Massimo and Junge, Oliver and Scharf, Benjamin},
  journal={{To appear in Netw. Heterog. Media}},
  note={Preprint at arXiv:1408.6362},
  year={2014}
}

@article{burger2013mean,
  title={Mean field games with nonlinear mobilities in pedestrian dynamics},
  author={Burger, Martin and Di Francesco, Marco and Markowich, Peter and Wolfram, Marie-Therese},
  journal={Discrete Contin. Dyn. Syst. Ser. B},
  volume={19},
  pages={1311--1333},
  year={2014}
}

@article{carmona2013control,
  title={Control of {McKean--Vlasov} dynamics versus mean field games},
  author={Carmona, Ren{\'e} and Delarue, Fran{\c{c}}ois and Lachapelle, Aim{\'e}},
  journal={Math. Financ. Econ.},
  volume={7},
  number={2},
  pages={131--166},
  year={2013},
  publisher={Springer}
}

@book{bensoussan2013mean,
  title={{Mean Field Games and Mean Field Type Control Theory}},
  author={Bensoussan, Alain and Frehse, Jens and Yam, Phillip},
  year={2013},
  publisher={Springer}
}

@article{clason2011duality,
  title={A duality-based approach to elliptic control problems in non-reflexive {B}anach spaces},
  author={Clason, Christian and Kunisch, Karl},
  journal={ESAIM Control Optim. Calc. Var.},
  volume={17},
  number={01},
  pages={243--266},
  year={2011},
  publisher={Cambridge Univ Press}
}

@article{stadler2009elliptic,
  title={Elliptic optimal control problems with {$L^1$}-control cost and applications for the placement of control devices},
  author={Stadler, Georg},
  journal={Comput. Optim. Appl.},
  volume={44},
  number={2},
  pages={159--181},
  year={2009},
  publisher={Springer}
}

@article{pieper2013priori,
  title={A priori error analysis for discretization of sparse elliptic optimal control problems in measure space},
  author={Pieper, Konstantin and Vexler, Boris},
  journal={SIAM J. Control Optim.},
  volume={51},
  number={4},
  pages={2788--2808},
  year={2013},
  publisher={SIAM}
}

@article{privat2013optimal,
  title={Optimal location of controllers for the one-dimensional wave equation},
  author={Privat, Yannick and Tr{\'e}lat, Emmanuel and Zuazua, Enrique},
  journal={Ann. Inst. H. Poincar\'e Anal. Non Lin\'eaire},
  volume={30},
  number={6},
  pages={1097--1126},
  year={2013},
  organization={Elsevier}
}

@article{piccoli2014control,
  title={Control to flocking of the kinetic Cucker-Smale model},
  author={Piccoli, Benedetto and Rossi, Francesco and Tr{\'e}lat, Emmanuel},
  journal={{Submitted}},
  note={Preprint at arXiv:1411.4687},
  year={2014}
}

@article{albi2015invisible,
  title={Invisible Sparse Control of Self-Organizing Agents Leaving Unknown Environments},
  author={Albi, Giacomo and Bongini, Mattia and Cristiani, Emiliano and Kalise, Dante},
  journal={{Submitted}},
  year={2015}
}

@article{raymond1999hamiltonian,
  title={Hamiltonian {P}ontryagin's principles for control problems governed by semilinear parabolic equations},
  author={Raymond, Jean Pierre and Zidani, Housnaa},
  journal={Appl. Math. Optim.},
  volume={39},
  number={2},
  pages={143--177},
  year={1999},
  publisher={Springer}
}

@article{ha2008from,
  title={From particle to kinetic and hydrodynamic description of flocking},
  author={Ha, Seung-Yeal and Tadmor, Eitan},
  journal={Kinet. Relat. Models},
  volume={1},
  number={3},
  pages={415--435},
  year={2008},
  publisher={AIMS}
}

@article{andersson2011maximum,
  title={{A maximum principle for SDEs of mean-field type}},
  author={Andersson, Daniel and Djehiche, Boualem},
  journal={Appl. Math. Comput.},
  volume={63},
  number={3},
  pages={341--356},
  year={2011},
  publisher={Springer}
}

@Article{devore,
    Author = {Peter {Binev} and Albert {Cohen} and Wolfgang {Dahmen} and Ronald A. {DeVore} and Vladimir N. {Temlyakov}},
    Title = {{Universal algorithms for learning theory part I: piecewise constant functions.}},
    FJournal = {{Journal of Machine Learning Research}},
    Journal = {{J. Mach. Learn. Res.}},
    ISSN = {1532-4435; 1533-7928/e},
    Volume = {6},
    Pages = {1297--1321},
    Year = {2005},
    Publisher = {Microtome Publishing, Brookline, MA},
    Language = {English},
    MSC2010 = {62G08 62G20 68T05},
    Zbl = {1191.62068}
}

@article{lennard24,
	Author = {Lennard-Jones, J. E. },
	Date-Added = {2015-04-30 08:42:21 +0000},
	Date-Modified = {2015-04-30 08:43:14 +0000},
	Journal = {Proc. R. Soc. Lond. A},
	Number = {738},
	Pages = {463---477},
	Title = {On the Determination of Molecular Fields},
	Volume = {106},
	Year = {1924}}

@unpublished{fornahuetter,
    Author = {Massimo {Fornasier} and Jan-Christian {H\"utter}},
    Title = {Consistency of probability measure quantization by means of power repulsion-attraction potentials},
    Note = {Submitted},
    Year = {2015}
}